<record><leader>00000cas a22000007a 4500</leader><controlfield tag="001">20900550</controlfield><controlfield tag="008">900115c19779999mouwr ne      0    0eng d</controlfield><datafield ind1=" " ind2=" " tag="010"><subfield code="a">sn 90061065 </subfield></datafield><datafield ind1=" " ind2=" " tag="040"><subfield code="a">MQN</subfield><subfield code="b">eng</subfield><subfield code="c">MQN</subfield><subfield code="d">OCLCQ</subfield></datafield><datafield ind1=" " ind2=" " tag="042"><subfield code="a">msc</subfield></datafield><datafield ind1="0" ind2=" " tag="130"><subfield code="a">Media (Kahoka, Mo.)</subfield></datafield><datafield ind1="1" ind2="4" tag="245"><subfield code="a">The media.</subfield></datafield><datafield ind1=" " ind2=" " tag="260"><subfield code="a">Kahoka, Clark County, Mo. :</subfield><subfield code="b">Hazel and Bill Bledsoe</subfield></datafield><datafield ind1=" " ind2=" " tag="300"><subfield code="a">v.</subfield></datafield><datafield ind1=" " ind2=" " tag="310"><subfield code="a">Weekly</subfield></datafield><datafield ind1="0" ind2=" " tag="362"><subfield code="a">Vol. 1, no. 1 (June 8, 1977)-</subfield></datafield><datafield ind1=" " ind2="4" tag="651"><subfield code="a">Kahoka (Mo.)</subfield><subfield code="v">Newspapers.</subfield></datafield><datafield ind1=" " ind2=" " tag="752"><subfield code="a">United States</subfield><subfield code="b">Missouri</subfield><subfield code="c">Clark</subfield><subfield code="d">Kahoka.</subfield></datafield><datafield ind1="0" ind2="5" tag="780"><subfield code="t">Kahoka gazette-herald</subfield><subfield code="w">(DLC)sn 90061063</subfield></datafield></record>